%% This BibTeX bibliography file was created using BibDesk.
%% http://bibdesk.sourceforge.net/


%% Created for Lauro Cesar Araujo at 2013-08-21 10:57:09 -0300 


%% Saved with string encoding Unicode (UTF-8) 

@inproceedings{agarwal2016,
	title={An Efficient Algorithm for Automatic Car Plate Detection \& Recognition},
	author={Agarwal, Anu and Goswami, Sudhir},
	booktitle={Second International Conference on Computational Intelligence \& Communication Technology (CICT)},
	pages={644--648},
	year={2016},
	organization={IEEE}
}

@book{alpaydin2014,
	title = {Introduction to Machine Learning},
	author = {Alpaydin, Ethem},
	edition = {2},
	year = {2014},
	publisher = {MIT Press}
}

@online{araujo2015,
	title = {Aula de Visão Computacional},
	author = {Edvaldo Araújo}, 
	year = {2015},
	url = {http://docslide.com.br/documents/apresentacao-visao-computacional.html},
	urlaccessdate = {07 de maio de 2017},
}

@phdthesis{bianchi2006,
	title={Extra{\c{c}}{\~a}o de Caracter{\'\i}sticas de Imagens de Faces Humanas Atrav{\'e}s de Wavelets, PCA e IMPCA},
	author={de Bianchi, Marcelo Franceschi},
	year={2006},
	school={Universidade de S{\~a}o Paulo}
}

@online{brownlee2014,
	title = {An Introduction to Feature Selection},
	publisher = {Machine Learning Mastery},
	author = {Jason Brownlee}, 
	year = {2014},
	url = {http://machinelearningmastery.com/an-introduction-to-feature-selection/},
	urlaccessdate = {08 de maio de 2017}
}

@book{dawson2014,
	title={A Practical Introduction to Computer Vision with OpenCV},
	author={Dawson-Howe, Kenneth},
	year={2014},
	publisher={John Wiley \& Sons}
}

@online{juliana2016,
	title = {Visão Computacional},
	author = {Juliana Patrícia Detroz}, 
	year = {2016},
	url = {http://www.joinville.udesc.br/portal/professores/andretavares/materiais/CGR0001_EDO_visao_computacional.pdf},
	urlaccessdate = {07 de maio de 2017},
}

@book{duda2001,
	title={Pattern Classification},
	author={Duda, Richard O. and Hart, Peter E. and Stork, David G.},
	year={2001},
	edition = {2},
	publisher={John Wiley \& Sons}
}

%author={Sen, E. Judith and Dixon, K Deepa Merlin and Anto, Ansy and Anumary, MV and Mieheal, Daine and Jose, Finey and Jinesh, KJ}

@inproceedings{sen2014,
	title={Advanced License Plate Recognition System for Car Parking},
	author={Sen, E. Judith and others},
	booktitle={2014 International Conference on Embedded Systems (ICES)},
	pages={162--165},
	year={2014},
	organization={IEEE}
}

@book{forsyth2012,
	title={Computer Vision},
	subtitle = {a modern approach},
	author = {David A. Forsyth and Jean Ponce},
	year = {2012},
	edition = {2},
	publisher = {Pearson}
}

@inproceedings{george2016,
	title={VNPR System Using Artificial Neural Network},
	author={George, A. and Pillai, V.},
	booktitle={International Conference on Circuit, Power and Computing Technologies (ICCPCT)},
	year={2016}
}

@inproceedings{ha2016,
	title={License Plate Automatic Recognition Based on Edge Detection},
	author={Ha, Pooya Sagharichi and Shakeri, Mojtaba},
	booktitle={Artificial Intelligence and Robotics (IRANOPEN)},
	pages={170--174},
	year={2016},
	organization={IEEE}
}

%author={Ikeizumi, Rafael Seiki and Artero, Almir Olivette and Piteri, Marco Ant{\^o}nio and da Silva, Francisco Assis and Pereira, Danillo Roberto},

@article{ikeizumie2014,
	title={An Effective Sequence of Operations for License Plates Recognition},
	author={Ikeizumi, Rafael Seiki and others},
	booktitle={X Workshop de Visão Computacional (WVC)},
	year={2014}
}

@inproceedings{islam2015,
	title={Automatic Vehicle Number Plate Recognition Using Structured Elements},
	author={Islam, Riazul and Sharif, Kazi Fatima and Biswas, Satyen},
	booktitle={2015 IEEE Conference on Systems, Process and Control (ICSPC)},
	pages={44--48},
	year={2015},
	organization={IEEE}
}

@inproceedings{jia2016,
	title={Design Flow of Vehicle License Plate Reader Based on RGB Color Extractor},
	author={Jia, Yonghui and Gonnot, Thomas and Saniie, Jafar},
	booktitle={2016 IEEE International Conference on Electro Information Technology (EIT)},
	pages={0494--0498},
	year={2016},
	organization={IEEE}
}

@inproceedings{babu2016,
	title={Vehicle Number Plate Detection and Recognition Using Bounding Box Method},
	author={Babu, K. Mahesh and Raghunadh, M. V.},
	booktitle={2016 International Conference on Advanced Communication Control and Computing Technologies (ICACCCT)},
	pages={106--110},
	year={2016},
	organization={IEEE}
}

@inproceedings{khan2016,
	title={Car Number Plate Recognition (CNPR) System Using Multiple Template Matching},
	author={Khan, Junaid Ali and Shah, Munam Ali},
	booktitle={2016 22nd International Conference on Automation and Computing (ICAC)},
	pages={290--295},
	year={2016},
	organization={IEEE}
}

%author={Khan, M. F. and Mufti, N. and others},

@inproceedings{khan2016comparison,
	title={Comparison of Various Edge Detection Filters for ANPR},
	author={Khan, M. F. and others},
	booktitle={2016 Sixth International Conference on Innovative Computing Technology (INTECH)},
	pages={306--309},
	year={2016},
	organization={IEEE}
}

@book{pajankar2017,
	title={Raspberry Pi Image Processing Programming},
	subtitle = {Develop Real-Life Examples with Python, Pillow, and SciPy},
	author = {Ashwin Pajankar},
	year = {2017},
	publisher = {Apress}
}

@online{pedrini2017,
	title = {Introdução ao Processamento Digital de Imagem},
	author = {Hélio Pedrini}, 
	year = {2017},
	url = {http://www.ic.unicamp.br/~helio/disciplinas/MC920/aula_introducao.pdf},
	urlaccessdate = {07 de maio de 2017}
}

@online{rosebrock2016,
	title = {k-NN Classifier for Image Classification},
	publisher = {PyImageSearch Blog},
	author = {Adrian Rosebrock}, 
	year = {2016},
	url = {https://www.pyimagesearch.com/2016/08/08/k-nn-classifier-for-image-classification/},
	urlaccessdate = {09 de maio de 2017},
}

%author={Saleem, Nauman and Muazzam, Hassam and Tahir, HM and Farooq, Umar},

@inproceedings{saleem2016,
	title={Automatic License Plate Recognition Using Extracted Features},
	author={Saleem, Nauman and others},
	booktitle={2016 4th International Symposium on Computational and Business Intelligence (ISCBI)},
	pages={221--225},
	year={2016},
	organization={IEEE}
}

@phdthesis{luiza2005,
	title={Uma Aplica{\c{c}}{\~a}o de {\'A}rvores de Decis{\~a}o, Redes Neurais e kNN para a Identifica{\c{c}}{\~a}o de Modelos ARMA N{\~a}o-Sazonais e Sazonais},
	author={Luiza Maria Oliveira da Silva},
	year={2005},
	school={PUC-Rio}
}

@inproceedings{singh2015,
	title={ANPR Indian System Using Surveillance Cameras},
	author={Singh, Ajay Kumar and Roy, Souvik},
	booktitle={2015 Eighth International Conference on Contemporary Computing (IC3)},
	pages={291--294},
	year={2015},
	organization={IEEE}
}

@online{sobral2003,
	title = {Segmentação de Imagem},
	author = {João Luís Sobral}, 
	year = {2003},
	url = {http://gec.di.uminho.pt/lesi/vpc0405/Aula07Segmentação.pdf},
	urlaccessdate = {07 de maio de 2017},
}

@book{solem2012,
	title={Programming Computer Vision with Python},
	subtitle = {tools and algorithms for analyzing images},
	author={Solem, Jan Erik},
	year={2012},
	publisher={O'Reilly Media}
}

@online{pavalenko2017,
	title = {About OpenCV},
	author = {Andrey Pavlenko and Dmitry Kurtaev},
	publisher = {OpenCV Blog}, 
	year = {2017},
	url = {http://opencv.org/about.html},
	urlaccessdate = {09 de maio de 2017},
}

@book{theodoridis2009,
	title={Pattern Recognition},
	author={Theodoridis, Sergios and Koutroumbas, Konstantinos},
	year={2009},
	edition = {4},
	publisher={Academic Press}
}

@article{trentini2010,
	title={Reconhecimento Autom{\'a}tico de Placas de Ve{\'\i}culos},
	author={Trentini, Vinicius Bergoli and Godoy, Lucas Antonio Toledo and Marana, Aparecido Nilceu},
	journal={Anais do VI Workshop de Visão Computacional (WVC)},
	location = {Presidente Prudente, SP},
	pages={267--272},
	year={2010}
}

@article{vallapReddy2014,
	title={A New Method of License Plate Recognition System Using Raspberry Pi Processor},
	author={VallapReddy, K. and Sunkari, S.},
	journal={International Journal of Computer Science information and Eng. Technol. (IJCSIET)},
	year={2014}
}

@online{reis2014,
	title = {"Com aumento da frota, país tem 1 automóvel para cada 4 habitantes"},
	author = {Thiago Reis},
	publisher = {G1}, 
	year = {2014},
	url = {http://g1.globo.com/brasil/noticia/2014/03/com-aumento-da-frota-pais-tem-1-automovel-para-cada-4-habitantes.html},
	urlaccessdate = {12 de setembro de 2016},
}

@online{dia2016,
	title = {Frota de carros no Brasil mais que dobra em dez anos},
	publisher = {O Dia},
	editor = {ODia}, 
	year = {2016},
	url = {http://odia.ig.com.br/rio-de-janeiro/observatorio/2016-02-29/frota-de-carros-no-brasil-mais-que-dobra-em-dez-anos.html},
	urlaccessdate = {12 de setembro de 2016},
}

@online{ama2017,
	title = {Aumenta os roubos e furtos nos condomínio em Manaus},
	publisher = {Amazônia na Rede},
	editor = {Amazônia na Rede}, 
	year = {2017},
	url = {http://www.amazonianarede.com.br/aumenta-os-roubos-e-furtos-nos-condominio-em-manaus/},
	urlaccessdate = {08 de maio de 2017},
}

@online{dia2017,
	title = {"Roubo de veículos aumenta 40,3\% em relação a fevereiro de 2016"},
	publisher = {O Dia}, 
	editor = {ODia}, 
	year = {2017},
	url = {http://odia.ig.com.br/rio-de-janeiro/2017-03-28/roubo-de-veiculos-aumenta-403-em-relacao-a-fevereiro-de-2016-informa-isp.html},
	urlaccessdate = {08 de maio de 2017},
}

@online{prado2017,
	title = {"Roubos e furtos a condomínios crescem 172\% em São Paulo"},
	author = {Gabriel Prado and Leo Arcoverde},
	publisher = {G1},
	year = {2017},
	url = {http://g1.globo.com/sao-paulo/noticia/roubos-e-furtos-a-residencias-crescem-172-em-sao-paulo-aponta-levantamento.ghtml},
	urlaccessdate = {08 de maio de 2017},
}

@online{luka2014,
	title = {Raspberry Pi License Plate Recognition},
	author = {Luka Gabric},
	publisher = {LukaGabric Blog}, 
	year = {2014},
	url = {http://lukagabric.com/raspberry-pi-license-plate-recognition/},
	urlaccessdate = {11 de dezembro de 2016},
}

@online{element2016,
	title = {Raspberry Pi 3 Model B Specifications},
	editor = {Element14},
	publisher = {Element 14}, 
	year = {2016},
	url = {https://www.element14.com/community/docs/DOC-80899/l/raspberry-pi-3-model-b-technical-specifications#},
	urlaccessdate = {04 de agosto de 2016},
}